<?xml version="1.0" encoding="UTF-8"?><record xmlns="http://www.loc.gov/MARC21/slim" xmlns:cinclude="http://apache.org/cocoon/include/1.0" xmlns:zs="http://www.loc.gov/zing/srw/">
  <leader>00739nz  a2200157n  4500</leader>
  <controlfield tag="001">no 92023639 </controlfield>
  <controlfield tag="003">DLC</controlfield>
  <controlfield tag="005">19920929133257.6</controlfield>
  <controlfield tag="008">920924n| acannaab|          |a ana      </controlfield>
  <datafield tag="010" ind1=" " ind2=" ">
    <subfield code="a">no 92023639 </subfield>
  </datafield>
  <datafield tag="040" ind1=" " ind2=" ">
    <subfield code="a">DLC-S</subfield>
    <subfield code="c">DLC-S</subfield>
  </datafield>
  <datafield tag="110" ind1="2" ind2="0">
    <subfield code="a">Pomorski meteorološki centar, Split</subfield>
  </datafield>
  <datafield tag="410" ind1="2" ind2="0">
    <subfield code="a">Marine Meteorological Center, Split</subfield>
  </datafield>
  <datafield tag="510" ind1="2" ind2="0">
    <subfield code="w">a</subfield>
    <subfield code="a">Republički hidrometeorološki zavod Socijalističke Republike Hrvatske.</subfield>
    <subfield code="b">Pomorski odjel u Splitu</subfield>
  </datafield>
  <datafield tag="670" ind1=" " ind2=" ">
    <subfield code="a">Vijesti (Pomorski meteorološki centar, Split). Vijesti, pros. 1990:</subfield>
    <subfield code="b">t.p. (Pomorski meteorološki centar, Split; Marine Meteorological Center, Split)</subfield>
  </datafield>
  <datafield tag="675" ind1=" " ind2=" ">
    <subfield code="a">Vijesti pomorske meteorološke službe, jan.-dec. 1962: t.p. (Pomorski odjel Hidrometeorološkog zavoda SRH u Splitu)</subfield>
  </datafield>
</record>